<?xml version="1.0" encoding="UTF-8"?><collection xmlns="http://www.loc.gov/MARC21/slim"><record><leader>00529nam--2200205-u-4500</leader><controlfield tag="001">000056127</controlfield><controlfield tag="002">20161230</controlfield><controlfield tag="005">20161230201052</controlfield><controlfield tag="008">141210s1000------------r-----000-0-rus-d</controlfield><datafield ind1=" " ind2=" " tag="040"><subfield code="a">IFIN-HH</subfield></datafield><datafield ind1=" " ind2=" " tag="041"><subfield code="a">rus</subfield></datafield><datafield ind1=" " ind2=" " tag="080"><subfield code="a">53</subfield></datafield><datafield ind1="1" ind2=" " tag="100"><subfield code="a">Fris, S.E</subfield></datafield><datafield ind1="1" ind2="0" tag="245"><subfield code="a">Kurs obsei fiziki</subfield><subfield code="c">S.e. fris, a.v. timoreva</subfield></datafield><datafield ind1=" " ind2=" " tag="260"><subfield code="a">Moskva</subfield><subfield code="b">Tehniko-teoreticeskoi Literaturi</subfield><subfield code="c">1951</subfield></datafield><datafield ind1=" " ind2=" " tag="300"><subfield code="a">3 VOL</subfield></datafield><datafield ind1="1" ind2=" " tag="700"><subfield code="a">Timoreva, A.V</subfield></datafield><datafield ind1="1" ind2=" " tag="787"><subfield code="a">Tom Iii</subfield><subfield code="h">796p</subfield><subfield code="t">Optika Atomnaia Fizika</subfield></datafield><datafield ind1=" " ind2=" " tag="852"><subfield code="a">808</subfield><subfield code="c">53</subfield></datafield><datafield ind1=" " ind2=" " tag="CAT"><subfield code="a">Sys</subfield><subfield code="c">20141210</subfield><subfield code="h">190344</subfield></datafield></record></collection>